@article{bridson2007fast,
  title={Fast Poisson disk sampling in arbitrary dimensions.},
  author={Bridson, Robert},
  journal={SIGGRAPH sketches},
  volume={10},
  number={1},
  year={2007}
}

@article{mercier2015surface,
  title={Surface turbulence for particle-based liquid simulations},
  author={Mercier, Olivier and Beauchemin, Cynthia and Thuerey, Nils and Kim, Theodore and Nowrouzezahrai, Derek},
  journal={ACM Transactions on Graphics (TOG)},
  volume={34},
  number={6},
  pages={1--10},
  year={2015},
  publisher={ACM New York, NY, USA}
}

@article{huang2020chemomechanical,
  title={Chemomechanical simulation of soap film flow on spherical bubbles},
  author={Huang, Weizhen and Iseringhausen, Julian and Kneiphof, Tom and Qu, Ziyin and Jiang, Chenfanfu and Hullin, Matthias B},
  journal={ACM Transactions on Graphics (TOG)},
  volume={39},
  number={4},
  pages={41--1},
  year={2020},
  publisher={ACM New York, NY, USA}
}

@article{leung2011grid,
  title={A grid based particle method for solving partial differential equations on evolving surfaces and modeling high order geometrical motion},
  author={Leung, Shingyu and Lowengrub, John and Zhao, Hongkai},
  journal={Journal of Computational Physics},
  volume={230},
  number={7},
  pages={2540--2561},
  year={2011},
  publisher={Elsevier}
}

@article{fu2017polynomial,
  title={A polynomial particle-in-cell method},
  author={Fu, Chuyuan and Guo, Qi and Gast, Theodore and Jiang, Chenfanfu and Teran, Joseph},
  journal={ACM Transactions on Graphics (TOG)},
  volume={36},
  number={6},
  pages={1--12},
  year={2017},
  publisher={ACM New York, NY, USA}
}

@article{cheung2015localized,
  title={A localized meshless method for diffusion on folded surfaces},
  author={Cheung, Ka Chun and Ling, Leevan and Ruuth, Steven J},
  journal={Journal of Computational Physics},
  volume={297},
  pages={194--206},
  year={2015},
  publisher={Elsevier}
}

@article{da2016surface,
  title={Surface-only liquids},
  author={Da, Fang and Hahn, David and Batty, Christopher and Wojtan, Chris and Grinspun, Eitan},
  journal={ACM Transactions on Graphics (TOG)},
  volume={35},
  number={4},
  pages={1--12},
  year={2016},
  publisher={ACM New York, NY, USA}
}

@article{liu2017implicit,
  title={Implicit surface reconstruction with total variation regularization},
  author={Liu, Yuan and Song, Yanzhi and Yang, Zhouwang and Deng, Jiansong},
  journal={Computer Aided Geometric Design},
  volume={52},
  pages={135--153},
  year={2017},
  publisher={Elsevier}
}

@article{wang2005water,
  title={Water drops on surfaces},
  author={Wang, Huamin and Mucha, Peter J and Turk, Greg},
  journal={ACM Transactions on Graphics (TOG)},
  volume={24},
  number={3},
  pages={921--929},
  year={2005},
  publisher={ACM New York, NY, USA}
}

@article{matsunaga2020moving,
  title={Moving surface mesh-incorporated particle method for numerical simulation of a liquid droplet},
  author={Matsunaga, Takuya and Koshizuka, Seiichi and Hosaka, Tomoyuki and Ishii, Eiji},
  journal={Journal of Computational Physics},
  volume={409},
  pages={109349},
  year={2020},
  publisher={Elsevier}
}

@article{chen2020moving,
  title={A moving least square reproducing kernel particle method for unified multiphase continuum simulation},
  author={Chen, Xiao-Song and Li, Chen-Feng and Cao, Geng-Chen and Jiang, Yun-Tao and Hu, Shi-Min},
  journal={ACM Transactions on Graphics (TOG)},
  volume={39},
  number={6},
  pages={1--15},
  year={2020},
  publisher={ACM New York, NY, USA}
}

@book{gonzalez2008first,
  title={A first course in continuum mechanics},
  author={Gonzalez, Oscar and Stuart, Andrew M},
  year={2008},
  publisher={Cambridge University Press}
}

@article{heiden1993fast,
  title={Fast generation of molecular surfaces from 3D data fields with an enhanced “marching cube” algorithm},
  author={Heiden, Wolfgang and Goetze, T and Brickmann, J{\"u}rgen},
  journal={Journal of Computational Chemistry},
  volume={14},
  number={2},
  pages={246--250},
  year={1993},
  publisher={Wiley Online Library}
}

@article{tskhakaya2007particle,
  title={The Particle-In-Cell Method},
  author={Tskhakaya, David and Matyash, Konstantin and Schneider, Ralf and Taccogna, Francesco},
  journal={Contributions to Plasma Physics},
  volume={47},
  number={8-9},
  pages={563--594},
  year={2007},
  publisher={Wiley Online Library}
}

@article{lai2013local,
  title={A local mesh method for solving pdes on point clouds},
  author={Lai, Rongjie and Liang, Jiang and Zhao, Hong-Kai},
  journal={Inverse Problems \& Imaging},
  volume={7},
  number={3},
  pages={737},
  year={2013},
  publisher={American Institute of Mathematical Sciences}
}

@article{alvarez2021local,
  title={A Local Radial Basis Function Method for the Laplace--Beltrami Operator},
  author={{\'A}lvarez, Diego and Gonz{\'a}lez-Rodr{\'\i}guez, Pedro and Kindelan, Manuel},
  journal={Journal of Scientific Computing},
  volume={86},
  number={3},
  pages={1--20},
  year={2021},
  publisher={Springer}
}

@article{sawhney2020monte,
  title={Monte Carlo geometry processing: A grid-free approach to PDE-based methods on volumetric domains},
  author={Sawhney, Rohan and Crane, Keenan},
  journal={ACM Transactions on Graphics},
  volume={39},
  number={4},
  year={2020}
}

@article{ishida2017hyperbolic,
  title={A hyperbolic geometric flow for evolving films and foams},
  author={Ishida, Sadashige and Yamamoto, Masafumi and Ando, Ryoichi and Hachisuka, Toshiya},
  journal={ACM Transactions on Graphics (TOG)},
  volume={36},
  number={6},
  pages={1--11},
  year={2017},
  publisher={ACM New York, NY, USA}
}

@article{popinet2018numerical,
  title={Numerical models of surface tension},
  author={Popinet, St{\'e}phane},
  journal={Annual Review of Fluid Mechanics},
  volume={50},
  pages={49--75},
  year={2018},
  publisher={Annual Reviews}
}

@book{tryggvason2011direct,
  title={Direct numerical simulations of gas--liquid multiphase flows},
  author={Tryggvason, Gr{\'e}tar and Scardovelli, Ruben and Zaleski, St{\'e}phane},
  year={2011},
  publisher={Cambridge university press}
}

@inproceedings{sandim2016boundary,
  title={Boundary Detection in Particle-based Fluids},
  author={Sandim, Marcos and Cedrim, Douglas and Nonato, Luis Gustavo and Pagliosa, Paulo and Paiva, Afonso},
  booktitle={Computer Graphics Forum},
  volume={35},
  number={2},
  pages={215--224},
  year={2016},
  organization={Wiley Online Library}
}

@article{jiang2015affine,
  title={The affine particle-in-cell method},
  author={Jiang, Chenfanfu and Schroeder, Craig and Selle, Andrew and Teran, Joseph and Stomakhin, Alexey},
  journal={ACM Transactions on Graphics (TOG)},
  volume={34},
  number={4},
  pages={1--10},
  year={2015},
  publisher={ACM New York, NY, USA}
}

@article{jiang2017angular,
  title={An angular momentum conserving affine-particle-in-cell method},
  author={Jiang, Chenfanfu and Schroeder, Craig and Teran, Joseph},
  journal={Journal of Computational Physics},
  volume={338},
  pages={137--164},
  year={2017},
  publisher={Elsevier}
}

@article{fang2020iq,
  title={IQ-MPM: an interface quadrature material point method for non-sticky strongly two-way coupled nonlinear solids and fluids},
  author={Fang, Yu and Qu, Ziyin and Li, Minchen and Zhang, Xinxin and Zhu, Yixin and Aanjaneya, Mridul and Jiang, Chenfanfu},
  journal={ACM Transactions on Graphics (TOG)},
  volume={39},
  number={4},
  pages={51--1},
  year={2020},
  publisher={ACM New York, NY, USA}
}

@article{zhu2014codimensional,
  title={Codimensional surface tension flow on simplicial complexes},
  author={Zhu, Bo and Quigley, Ed and Cong, Matthew and Solomon, Justin and Fedkiw, Ronald},
  journal={ACM Transactions on Graphics (TOG)},
  volume={33},
  number={4},
  pages={1--11},
  year={2014},
  publisher={ACM New York, NY, USA}
}

@article{wang2020codimensional,
  title={Codimensional surface tension flow using moving-least-squares particles},
  author={Wang, Hui and Jin, Yongxu and Luo, Anqi and Yang, Xubo and Zhu, Bo},
  journal={ACM Transactions on Graphics (TOG)},
  volume={39},
  number={4},
  pages={42--1},
  year={2020},
  publisher={ACM New York, NY, USA}
}

@article{chen2021momentum,
  title={A momentum-conserving implicit material point method for surface tension with contact angles and spatial gradients},
  author={Chen, Jingyu and Kala, Victoria and Marquez-Razon, Alan and Gueidon, Elias and Hyde, David AB and Teran, Joseph},
  journal={ACM Transactions on Graphics (TOG)},
  volume={40},
  number={4},
  pages={1--16},
  year={2021},
  publisher={ACM New York, NY, USA}
}

@article{hyde2020implicit,
  title={An implicit updated lagrangian formulation for liquids with large surface energy},
  author={Hyde, David AB and Gagniere, Steven W and Marquez-Razon, Alan and Teran, Joseph},
  journal={ACM Transactions on Graphics (TOG)},
  volume={39},
  number={6},
  pages={1--13},
  year={2020},
  publisher={ACM New York, NY, USA}
}

@article{tampubolon2017multi,
  title={Multi-species simulation of porous sand and water mixtures},
  author={Tampubolon, Andre Pradhana and Gast, Theodore and Kl{\'a}r, Gergely and Fu, Chuyuan and Teran, Joseph and Jiang, Chenfanfu and Museth, Ken},
  journal={ACM Transactions on Graphics (TOG)},
  volume={36},
  number={4},
  pages={1--11},
  year={2017},
  publisher={ACM New York, NY, USA}
}

@article{fei2017multi,
  title={A multi-scale model for simulating liquid-hair interactions},
  author={Fei, Yun and Maia, Henrique Teles and Batty, Christopher and Zheng, Changxi and Grinspun, Eitan},
  journal={ACM Transactions on Graphics (TOG)},
  volume={36},
  number={4},
  pages={1--17},
  year={2017},
  publisher={ACM New York, NY, USA}
}

@article{goldade2020constraint,
  title={Constraint bubbles and affine regions: reduced fluid models for efficient immersed bubbles and flexible spatial coarsening},
  author={Goldade, Ryan and Aanjaneya, Mridul and Batty, Christopher},
  journal={ACM Transactions on Graphics (TOG)},
  volume={39},
  number={4},
  pages={43--1},
  year={2020},
  publisher={ACM New York, NY, USA}
}


@article{chen2012modeling,
  title={On the modeling of surface tension and its applications by the generalized interpolation material point method},
  author={Chen, L and Lee, JH and Chen, CF},
  journal={Computer Modeling in Engineering and Sciences},
  volume={86},
  number={3},
  pages={199},
  year={2012}
}

@incollection{jiang2016material,
  title={The material point method for simulating continuum materials},
  author={Jiang, Chenfanfu and Schroeder, Craig and Teran, Joseph and Stomakhin, Alexey and Selle, Andrew},
  booktitle={ACM SIGGRAPH 2016 Courses},
  pages={1--52},
  year={2016}
}

@article{stomakhin2013material,
  title={A material point method for snow simulation},
  author={Stomakhin, Alexey and Schroeder, Craig and Chai, Lawrence and Teran, Joseph and Selle, Andrew},
  journal={ACM Transactions on Graphics (TOG)},
  volume={32},
  number={4},
  pages={1--10},
  year={2013},
  publisher={ACM New York, NY, USA}
}

@article{museth2013vdb,
  title={VDB: High-resolution sparse volumes with dynamic topology},
  author={Museth, Ken},
  journal={ACM transactions on graphics (TOG)},
  volume={32},
  number={3},
  pages={1--22},
  year={2013},
  publisher={ACM New York, NY, USA}
}

@article{jiang2017anisotropic,
  title={Anisotropic elastoplasticity for cloth, knit and hair frictional contact},
  author={Jiang, Chenfanfu and Gast, Theodore and Teran, Joseph},
  journal={ACM Transactions on Graphics (TOG)},
  volume={36},
  number={4},
  pages={1--14},
  year={2017},
  publisher={ACM New York, NY, USA}
}

@article{klar2016drucker,
  title={Drucker-prager elastoplasticity for sand animation},
  author={Kl{\'a}r, Gergely and Gast, Theodore and Pradhana, Andre and Fu, Chuyuan and Schroeder, Craig and Jiang, Chenfanfu and Teran, Joseph},
  journal={ACM Transactions on Graphics (TOG)},
  volume={35},
  number={4},
  pages={1--12},
  year={2016},
  publisher={ACM New York, NY, USA}
}

@book{marsden1994mathematical,
  title={Mathematical foundations of elasticity},
  author={Marsden, Jerrold E and Hughes, Thomas JR},
  year={1994},
  publisher={Courier Corporation}
}

@incollection{lee2013smooth,
  title={Smooth manifolds},
  author={Lee, John M},
  booktitle={Introduction to Smooth Manifolds},
  pages={1--31},
  year={2013},
  publisher={Springer}
}

@book{takhtadzhian2008quantum,
  title={Quantum mechanics for mathematicians},
  author={Takhtadzhian, Leon Armenovich and Takhtadzhian, Leon Armenovich Takhtadzhi︠a︡n},
  volume={95},
  year={2008},
  publisher={American Mathematical Soc.}
}

@article{boyd2012multiflip,
  title={MultiFLIP for energetic two-phase fluid simulation},
  author={Boyd, Landon and Bridson, Robert},
  journal={ACM Transactions on Graphics (TOG)},
  volume={31},
  number={2},
  pages={1--12},
  year={2012},
  publisher={ACM New York, NY, USA}
}

@article{hamza2020implicit,
  title={Implicit progressive-iterative approximation for curve and surface reconstruction},
  author={Hamza, Yusuf Fatihu and Lin, Hongwei and Li, Zihao},
  journal={Computer Aided Geometric Design},
  volume={77},
  pages={101817},
  year={2020},
  publisher={Elsevier}
}

@article{lin2018convergence,
  title={The convergence of least-squares progressive iterative approximation for singular least-squares fitting system},
  author={Lin, Hongwei and Cao, Qi and Zhang, Xiaoting},
  journal={Journal of Systems Science and Complexity},
  volume={31},
  number={6},
  pages={1618--1632},
  year={2018},
  publisher={Springer}
}

@article{evans1998partial,
  title={Partial differential equations},
  author={Evans, Lawrence C},
  journal={Graduate studies in mathematics},
  volume={19},
  number={4},
  pages={7},
  year={1998},
  publisher={Rhode Island, USA}
}

@article{de2020material,
  title={Material point method after 25 years: Theory, implementation, and applications},
  author={de Vaucorbeil, Alban and Nguyen, Vinh Phu and Sinaie, Sina and Wu, Jian Ying},
  journal={Advances in applied mechanics},
  volume={53},
  pages={185--398},
  year={2020},
  publisher={Elsevier}
}

@article{1942Variational,
  title={Variational Methods for the Solution of Problems of Equilibrium and Vibrations},
  author={ Courant, R. },
  journal={Transactions of the American Mathematical Society},
  volume={49},
  number={1},
  year={1942},
}

@inproceedings{2015foams,
  title={A material point method for viscoelastic fluids, foams and sponges},
  author={ Ram, Daniel  and  Gast, Theodore  and  Jiang, Chenfanfu  and  Schroeder, Craig  and  Stomakhin, Alexey  and  Teran, Joseph  and  Kavehpour, Pirouz },
  booktitle={Acm Siggraph},
  pages={157-163},
  year={2015},
}

@article{2019WangDuctile,
author = {Wang, Stephanie and Ding, Mengyuan and Gast, Theodore F. and Zhu, Leyi and Gagniere, Steven and Jiang, Chenfanfu and Teran, Joseph M.},
title = {Simulation and Visualization of Ductile Fracture with the Material Point Method},
year = {2019},
issue_date = {July 2019},
publisher = {Association for Computing Machinery},
address = {New York, NY, USA},
volume = {2},
number = {2},
journal = {Proc. ACM Comput. Graph. Interact. Tech.},
month = jul,
articleno = {18},
numpages = {20},
keywords = {Elasticity, MPM, Ductile, Fracture, Plasticity}
}

@article{Ding2019,
author = {Ding, Mengyuan and Han, Xuchen and Wang, Stephanie and Gast, Theodore F. and Teran, Joseph M.},
title = {A Thermomechanical Material Point Method for Baking and Cooking},
year = {2019},
issue_date = {November 2019},
publisher = {Association for Computing Machinery},
address = {New York, NY, USA},
volume = {38},
number = {6},
issn = {0730-0301},
journal = {ACM Trans. Graph.},
month = nov,
articleno = {192},
numpages = {14},
keywords = {material point method, baking, physical simulation}
}
@article{liang2013solving,
  title={Solving partial differential equations on point clouds},
  author={Liang, Jian and Zhao, Hongkai},
  journal={SIAM Journal on Scientific Computing},
  volume={35},
  number={3},
  pages={A1461--A1486},
  year={2013},
  publisher={SIAM}
}
@article{akinci2013versatile,
  title={Versatile surface tension and adhesion for SPH fluids},
  author={Akinci, Nadir and Akinci, Gizem and Teschner, Matthias},
  journal={ACM Transactions on Graphics (TOG)},
  volume={32},
  number={6},
  pages={1--8},
  year={2013},
  publisher={ACM New York, NY, USA}
}

@article{huang2020surface,
  title={Surface-only ferrofluids},
  author={Huang, Libo and Michels, Dominik L},
  journal={ACM Transactions on Graphics (TOG)},
  volume={39},
  number={6},
  pages={1--17},
  year={2020},
  publisher={ACM New York, NY, USA}
}

@incollection{needham2021visual,
  title={Visual Differential Geometry and Forms},
  author={Needham, Tristan},
  booktitle={Visual Differential Geometry and Forms},
  year={2021},
  publisher={Princeton University Press}
}

@article{lee1980two,
  title={Two algorithms for constructing a Delaunay triangulation},
  author={Lee, Der-Tsai and Schachter, Bruce J},
  journal={International Journal of Computer \& Information Sciences},
  volume={9},
  number={3},
  pages={219--242},
  year={1980},
  publisher={Springer}
}

@inproceedings{amenta1998new,
  title={A new Voronoi-based surface reconstruction algorithm},
  author={Amenta, Nina and Bern, Marshall and Kamvysselis, Manolis},
  booktitle={Proceedings of the 25th annual conference on Computer graphics and interactive techniques},
  pages={415--421},
  year={1998}
}

@inproceedings{amenta2001power,
  title={The power crust},
  author={Amenta, Nina and Choi, Sunghee and Kolluri, Ravi Krishna},
  booktitle={Proceedings of the sixth ACM symposium on Solid modeling and applications},
  pages={249--266},
  year={2001}
}

@article{blinn1982generalization,
  title={A generalization of algebraic surface drawing},
  author={Blinn, James F},
  journal={ACM transactions on graphics (TOG)},
  volume={1},
  number={3},
  pages={235--256},
  year={1982},
  publisher={ACM New York, NY, USA}
}

@inproceedings{muraki1991volumetric,
  title={Volumetric shape description of range data using “blobby model”},
  author={Muraki, Shigeru},
  booktitle={Proceedings of the 18th annual conference on Computer graphics and interactive techniques},
  pages={227--235},
  year={1991}
}

@inproceedings{hoppe1992surface,
  title={Surface reconstruction from unorganized points},
  author={Hoppe, Hugues and DeRose, Tony and Duchamp, Tom and McDonald, John and Stuetzle, Werner},
  booktitle={Proceedings of the 19th annual conference on computer graphics and interactive techniques},
  pages={71--78},
  year={1992}
}

@inproceedings{carr2001reconstruction,
  title={Reconstruction and representation of 3D objects with radial basis functions},
  author={Carr, Jonathan C and Beatson, Richard K and Cherrie, Jon B and Mitchell, Tim J and Fright, W Richard and McCallum, Bruce C and Evans, Tim R},
  booktitle={Proceedings of the 28th annual conference on Computer graphics and interactive techniques},
  pages={67--76},
  year={2001}
}

@article{huang2019variational,
  title={Variational implicit point set surfaces},
  author={Huang, Zhiyang and Carr, Nathan and Ju, Tao},
  journal={ACM Transactions on Graphics (TOG)},
  volume={38},
  number={4},
  pages={1--13},
  year={2019},
  publisher={ACM New York, NY, USA}
}

@incollection{morse2005interpolating,
  title={Interpolating implicit surfaces from scattered surface data using compactly supported radial basis functions},
  author={Morse, Bryan S and Yoo, Terry S and Rheingans, Penny and Chen, David T and Subramanian, Kalpathi R},
  booktitle={ACM SIGGRAPH 2005 Courses},
  pages={78--es},
  year={2005}
}

@inproceedings{wang2010adaptive,
  title={Adaptive surface reconstruction based on implicit PHT-splines},
  author={Wang, Jun and Yang, Zhouwang and Jin, Liangbing and Deng, Jiansong and Chen, Falai},
  booktitle={Proceedings of the 14th ACM symposium on solid and physical modeling},
  pages={101--110},
  year={2010}
}

@techreport{harlow1962particle,
  title={The particle-in-cell method for numerical solution of problems in fluid dynamics},
  author={Harlow, Francis H},
  year={1962},
  institution={Los Alamos Scientific Lab., N. Mex.}
}

@article{brackbill1988flip,
  title={FLIP: a low-dissipation, particle-in-cell method for fluid flow},
  author={Brackbill, Jeremiah U and Kothe, Douglas B and Ruppel, Hans M},
  journal={Computer Physics Communications},
  volume={48},
  number={1},
  pages={25--38},
  year={1988},
  publisher={Elsevier}
}

@article{sulsky1994particle,
  title={A particle method for history-dependent materials},
  author={Sulsky, Deborah and Chen, Zhen and Schreyer, Howard L},
  journal={Computer methods in applied mechanics and engineering},
  volume={118},
  number={1-2},
  pages={179--196},
  year={1994},
  publisher={Elsevier}
}

@article{sulsky1996axisymmetric,
  title={Axisymmetric form of the material point method with applications to upsetting and Taylor impact problems},
  author={Sulsky, Deborah and Schreyer, Howard L},
  journal={Computer Methods in Applied Mechanics and Engineering},
  volume={139},
  number={1-4},
  pages={409--429},
  year={1996},
  publisher={Elsevier}
}